<?xml version="1.0" encoding="UTF-8"?><collection xmlns="http://www.loc.gov/MARC21/slim"><record><leader>00478nam--2200157-i-4500</leader><controlfield tag="001">000011296</controlfield><controlfield tag="002">20161230</controlfield><controlfield tag="005">20170212004329</controlfield><controlfield tag="008">060222s1000------------r-----000-0-eng-d</controlfield><datafield ind1=" " ind2=" " tag="100"><subfield code="a">Denkmann, Norbert</subfield></datafield><datafield ind1=" " ind2=" " tag="245"><subfield code="a">Mathematik-aufgaben fur ingenieure. Mit 239 bild., 2538 aufgaben mit losungen und einem anhang</subfield></datafield><datafield ind1=" " ind2=" " tag="260"><subfield code="a">Leipzig</subfield><subfield code="b">Veb Fachbuchverlag</subfield><subfield code="c">1973</subfield></datafield><datafield ind1=" " ind2=" " tag="300"><subfield code="a">412 p</subfield></datafield><datafield ind1=" " ind2=" " tag="490"><subfield code="a">Lehrbucher Der Mathematik</subfield></datafield><datafield ind1=" " ind2=" " tag="700"><subfield code="a">Birnbaum, Heinz</subfield></datafield><datafield ind1=" " ind2=" " tag="CAT"><subfield code="a">SYS</subfield><subfield code="c">20170212</subfield><subfield code="h">004329</subfield></datafield></record></collection>